%% This BibTeX bibliography file was created using BibDesk.
%% http://bibdesk.sourceforge.net/

%% Created for TATSURO ISHIZUKA at 2020-06-21 18:22:55 +0900


%% Saved with string encoding Unicode (UTF-8)



@misc{tex_ref02,
Author = {脇田建},
Date-Added = {2020-06-21 09:21:24 +0000},
Date-Modified = {2020-06-21 09:21:24 +0000},
Howpublished = {\url{https://kwakita.blog/classes/writing/platex/}},
Title = {pLaTeX-論文の構造に関して},
Bdsk-Url-1 = {http://www.sfc.lib.keio.ac.jp/general/motioncapture.html}}

@misc{tex_ref01,
Author = {山本昌志},
Date-Added = {2020-06-21 05:42:47 +0000},
Date-Modified = {2020-06-21 09:22:32 +0000},
Howpublished = {\url{http://www.yamamo10.jp/yamamoto/comp/latex/make_doc/make_doc.html}},
Title = {LaTeX文書作成方法},
Bdsk-Url-1 = {http://www.sfc.lib.keio.ac.jp/general/motioncapture.html}}

@article{weir_1949,
	title = {New methods for calculating metabolic rate with special reference to protein metabolism},
	volume = {109},
	issn = {0022-3751},
	url = {https://www.ncbi.nlm.nih.gov/pmc/articles/PMC1392602/},
	number = {1-2},
	urldate = {2020-11-30},
	journal = {The Journal of Physiology},
	author = {Weir, J. B. de V.},
	month = aug,
	year = {1949},
	pmid = {15394301},
	pmcid = {PMC1392602},
	pages = {1--9},
	file = {PubMed Central Full Text PDF:/Users/kouki/Zotero/storage/JRPGX8G6/Weir - 1949 - New methods for calculating metabolic rate with sp.pdf:application/pdf},
}


@article{tanaka_2006,
	title = {間接熱量測定法による１日のエネルギー消費量の評価},
	volume = {55},
	doi = {10.7600/jspfsm.55.527},
	number = {5},
	journal = {体力科学},
	author = {茂穂, 田中},
	year = {2006},
	pages = {527--532},
	file = {Full Text PDF:/Users/kouki/Zotero/storage/RBF5XZMC/茂穂 - 2006 - 間接熱量測定法による１日のエネルギー消費量の評価.pdf:application/pdf;J-Stage - Snapshot:/Users/kouki/Zotero/storage/5G73XK2E/ja.html:text/html},
}


@article{livesey_1988,
	title = {Estimation of energy expenditure, net carbohydrate utilization, and net fat oxidation and synthesis by indirect calorimetry: evaluation of errors with special reference to the detailed composition of fuels},
	volume = {47},
	issn = {0002-9165},
	shorttitle = {Estimation of energy expenditure, net carbohydrate utilization, and net fat oxidation and synthesis by indirect calorimetry},
	doi = {10.1093/ajcn/47.4.608},
	abstract = {Sources of error in the interpretation of respiratory data are evaluated and reviewed with special reference to the detailed composition of foods. Estimates of fuel utilization or synthesis are 12-fold more sensitive to errors in the nonprotein respiratory quotient than is the heat equivalent of oxygen. Estimates of protein oxidation from nitrogen excretion can be in error from +14 to -39\% of the true value. Heat equivalents of oxygen, respiratory quotients, and urinary nitrogen-to-oxygen conversion ratios are considered for 60 artificial and 101 conventional food proteins, 36 artificial and 125 conventional food fats, and the different carbohydrates contained in these foods. It is concluded that there is considerable uncertainty when the mix of fuels utilized is assessed accurately. Accuracy is best within 5\% of the true values. This analysis is completed with descriptions of some physiological sources of error in an appendix.},
	language = {eng},
	number = {4},
	journal = {The American Journal of Clinical Nutrition},
	author = {Livesey, G. and Elia, M.},
	month = apr,
	year = {1988},
	pmid = {3281434},
	keywords = {Algorithms, Calorimetry, Indirect, Colon, Dietary Carbohydrates, Dietary Fats, Dietary Proteins, Energy Metabolism, Fatty Acids, Fermentation, Humans, Lipids, Oxidation-Reduction, Oxygen Consumption, Triglycerides},
	pages = {608--628},
}


@article{usutani_1990,
	title = {心拍数によるエネルギー消費量の推定},
	volume = {38},
	doi = {10.2185/jjrm.38.1008},
	abstract = {エネルギー消費量の算定法としては従来, RMR法が用いられてきたが, 近年, 携帯用24時間心拍数記憶装置が開発されたことにより, 心拍数を用いるエネルギー消費量算定方法が試みられている。その一方法としてHR-VO2法がある。そこでリンゴ栽培従事者を対象とし, 勢定, 摘花, 摘果, 袋かけおよび収穫に従事した1労働日の24時間心拍数記録をもとに, エネルギー消費量をHR-VO2法で推定し, 一部についてはRMR法と比較してHR-VO2法の有用性を検討した。24時間心拍記録からみた作業中の心拍数水準は, 摘花, 摘果, 袋かけ等では90～100拍, 収穫でも110拍前後にとどまっており, Rodahlの作業強度分類では“moderate work”のレベルに該当した。また, 同じ作業でも, 午前に比べて午後の心拍水準が低下する傾向を示し, 心拍数の日周期リズムとは異なる挙動を示した。HR-VO2法で算定した各労働日のエネルギー消費量は, RMR法による報告値と比べほぼ妥当な値と思われた。収穫作業日の一例について, HR-VO2法とRMR法による消費エネルギー量を比較すると, 前者は2,654kcalで後者より376kcal (16.5\%) 高かった。作業動作別エネルギー消費量について, 両者の相関関係をみるとr=0.987 (p{\textless}0.001) の高い相関がみられた。生活活動指数からみた1労働日の生活活動強度は収穫{\textgreater}袋かけ≒摘花{\textgreater}摘果{\textgreater}剪定の順序であった。収穫は日本人の栄養所要量で示された生活活動強度IV (重い) に該当し, 春季農繁期の管理作業日は同じ強度III (やや高い) に該当した。したがって, HR-VO2法によるエネルギー消費量推定法は, 若干の問題点はあるものの, 生体の代謝水準を比較的正確に反映する方法であり, その簡便性と相まって, 今後, RMR法に代わって導入されることが望ましいと考えられる。},
	number = {5},
	journal = {日本農村医学会雑誌},
	author = {三郎, 臼谷 and 和幸, 木田 and 邦隆, 西山 and 明広, 松田 and 麻美, 眞鍋 and 俊信, 飯沼},
	year = {1990},
	keywords = {apple cultivating work, energy expenditure, heart rate, oxygen consumption, relative metabolic ratemethod, RMR法, エネルギー消費量, リンゴ作業, 酸素消費量, 心拍数},
	pages = {1008--1015},
	file = {Full Text PDF:/Users/kouki/Zotero/storage/EL29AWIN/三郎 et al. - 1990 - 心拍数によるエネルギー消費量の推定.pdf:application/pdf;J-Stage - Snapshot:/Users/kouki/Zotero/storage/RRB45Q4I/ja.html:text/html},
}


@misc{whats_ndir,
	title = {{NDIR方式とは} {\textbar} 押野電気製作所},
	url = {https://www.oshinolamps.co.jp/ndir/nondispersive-infrared/},
  howpublished = {https://www.oshinolamps.co.jp/ndir/nondispersive-infrared/},
  note = {{2021-01-13}},
	abstract = {NDIRとは、Non Dispersive InfraRed（非分散型赤外）の略で、NDIR方式はそれぞれのガスが持つ特有の吸収波長領域を利用したガス濃度の計測方式です。},
	language = {ja-JP},
	urldate = {2021-01-13},
	journal = {株式会社押野電気製作所},
	author = {株式会社押野電気製作所},
	file = {Snapshot:/Users/kouki/Zotero/storage/3QQKIHII/nondispersive-infrared.html:text/html},
}

@misc{co2_percent,
  title = {温暖化の科学 {{Q1}} 呼吸で大気中の二酸化炭素が増加する？ - ココが知りたい地球温暖化 ｜ 地球環境研究センター},
  author = {国立環境研究所 地球環境研究センター},
  url = {https://www.cger.nies.go.jp/ja/library/qa/26/26-1/qa_26-1-j.html},
	howpublished = {https://www.cger.nies.go.jp/ja/library/qa/26/26-1/qa_26-1-j.html},
	note = {{2021-01-25}},
  urldate = {2021-01-25}
}

@misc{whats_mixing_chamber,
  title = {【用語解説】},
  author = {国立研究開発法人 科学技術振興機構},
  url = {https://www.jst.go.jp/pr/info/info39/yougo.html},
	howpublished = {https://www.jst.go.jp/pr/info/info39/yougo.html},
	note = {{2021-01-26}},
  urldate = {2021-01-25}
}

@book{science_of_vo2,
	title = {改訂 最大酸素摂取量の科学},
	author = {山地啓司},
	publisher = {杏林書院},
 	year = {2001},
	isbn = {978-4-7644-1044-2},
}
