
@misc{_,
  title = {空気電池を活用した酸素センサキットの構築と新しい展開研究},
  url = {https://kaken.nii.ac.jp/grant/KAKENHI-PROJECT-24501117/},
  urldate = {2021-01-26},
  journal = {KAKEN}
}

@misc{20PDFScientific,
  title = {(20) ({{PDF}}) {{Scientific Evaluation}} of the {{Risk Associated}} with {{Heightened Environmental Requirements}} on {{Outdoor Power Equipment}}-{{Phase II Report}}},
  url = {https://www.researchgate.net/publication/324031702_Scientific_Evaluation_of_the_Risk_Associated_with_Heightened_Environmental_Requirements_on_Outdoor_Power_Equipment-Phase_II_Report/figures?lo=1},
  urldate = {2020-12-06}
}

@misc{co2_percent,
  title = {温暖化の科学 {{Q1}} 呼吸で大気中の二酸化炭素が増加する？ - ココが知りたい地球温暖化 ｜ 地球環境研究センター},
  author = {国立環境研究所 地球環境研究センター},
  url = {https://www.cger.nies.go.jp/ja/library/qa/26/26-1/qa_26-1-j.html},
  urldate = {2021-01-25}
}

@article{dullooLowbudgetEasytooperateRoom1989,
  title = {A Low-Budget and Easy-to-Operate Room Respirometer for Measuring Daily Energy Expenditure in Man},
  author = {Dulloo, A and Ismail, Mohd and Ryall, Melissa and Melas, G and Geissler, Catherine and Miller, D},
  year = {1989},
  month = jan,
  volume = {48},
  pages = {1367--74},
  journal = {The American journal of clinical nutrition}
}

@article{junshiJianJieReLiangJinituite2012,
  title = {間接熱量計について},
  author = {俊世, 田村},
  year = {2012},
  volume = {27},
  pages = {1297--1302},
  journal = {静脈経腸栄養},
  keywords = {エネルギー消費量,栄養所要量,間接熱量計},
  number = {6}
}

@article{leeDensityEffectReynolds1965,
  title = {Density {{Effect}} and {{Reynolds Number Effect}} on {{Gas Turbine Flowmeters}}},
  author = {Lee, W. F. Z. and Evans, H. J.},
  year = {1965},
  month = dec,
  volume = {87},
  pages = {1043--1051},
  issn = {0021-9223},
  url = {https://doi.org/10.1115/1.3650802},
  urldate = {2021-01-13},
  journal = {Journal of Basic Engineering},
  number = {4}
}

@article{livesey_1988,
  title = {Estimation of Energy Expenditure, Net Carbohydrate Utilization, and Net Fat Oxidation and Synthesis by Indirect Calorimetry: Evaluation of Errors with Special Reference to the Detailed Composition of Fuels},
  shorttitle = {Estimation of Energy Expenditure, Net Carbohydrate Utilization, and Net Fat Oxidation and Synthesis by Indirect Calorimetry},
  author = {Livesey, G. and Elia, M.},
  year = {1988},
  month = apr,
  volume = {47},
  pages = {608--628},
  issn = {0002-9165},
  journal = {The American Journal of Clinical Nutrition},
  keywords = {Algorithms,Calorimetry; Indirect,Colon,Dietary Carbohydrates,Dietary Fats,Dietary Proteins,Energy Metabolism,Fatty Acids,Fermentation,Humans,Lipids,Oxidation-Reduction,Oxygen Consumption,Triglycerides},
  language = {eng},
  number = {4},
  pmid = {3281434}
}

@article{mcclaveAchievementSteadyState2003,
  title = {Achievement of Steady State Optimizes Results When Performing Indirect Calorimetry},
  author = {McClave, Stephen A. and Spain, David A. and Skolnick, Judah L. and Lowen, Cynthia C. and Kieber, Melissa J. and Wickerham, Patrice S. and Vogt, Janet R. and Looney, Stephen W.},
  year = {2003 Jan-Feb},
  volume = {27},
  pages = {16--20},
  issn = {0148-6071},
  journal = {JPEN. Journal of parenteral and enteral nutrition},
  keywords = {Adolescent,Adult,Aged,Aged; 80 and over,Calorimetry; Indirect,Energy Metabolism,Female,Humans,Male,Middle Aged,Prospective Studies,Respiration; Artificial,Respiratory Insufficiency,Time Factors},
  language = {eng},
  number = {1},
  pmid = {12549593}
}

@article{melansonNewApproachFlowthrough2010,
  title = {A New Approach for Flow-through Respirometry Measurements in Humans},
  author = {Melanson, Edward L. and Ingebrigtsen, Jan P. and Bergouignan, Audrey and Ohkawara, Kazunori and Kohrt, Wendy M. and Lighton, John R. B.},
  year = {2010},
  month = jun,
  volume = {298},
  pages = {R1571-1579},
  issn = {1522-1490},
  journal = {American Journal of Physiology. Regulatory, Integrative and Comparative Physiology},
  keywords = {Body Temperature,Calorimetry; Indirect,Carbon Dioxide,Humans,Oxygen Consumption,Physical Phenomena,Respiratory Function Tests,Spirometry},
  language = {eng},
  number = {6},
  pmcid = {PMC2886696},
  pmid = {20200135}
}

@article{reevesReducingTimePeriod2004,
  title = {Reducing the Time Period of Steady State Does Not Affect the Accuracy of Energy Expenditure Measurements by Indirect Calorimetry},
  author = {Reeves, Marina and Davies, P.s.W. and Bauer, Judith and Battistutta, Diana},
  year = {2004},
  month = aug,
  volume = {97},
  pages = {130--4},
  journal = {Journal of applied physiology (Bethesda, Md. : 1985)}
}

@article{saffleUseIndirectCalorimetry1985,
  title = {Use of Indirect Calorimetry in the Nutritional Management of Burned Patients},
  author = {Saffle, J. R. and Medina, E. and Raymond, J. and Westenskow, D. and Kravitz, M. and Warden, G. D.},
  year = {1985},
  month = jan,
  volume = {25},
  pages = {32--39},
  issn = {0022-5282},
  journal = {The Journal of Trauma},
  keywords = {Adolescent,Adult,Aged,Basal Metabolism,Burns,Calorimetry,Child,Child; Preschool,Energy Intake,Energy Metabolism,Female,Fluid Therapy,Humans,Infant,Male,Middle Aged,Nitrogen,Nutritional Requirements,Serum Albumin},
  language = {eng},
  number = {1},
  pmid = {3965736}
}

@article{tanaka_2006,
  title = {間接熱量測定法による１日のエネルギー消費量の評価},
  author = {茂穂, 田中},
  year = {2006},
  volume = {55},
  pages = {527--532},
  journal = {体力科学},
  number = {5}
}

@article{usutani_1990,
  title = {心拍数によるエネルギー消費量の推定},
  author = {三郎, 臼谷 and 和幸, 木田 and 邦隆, 西山 and 明広, 松田 and 麻美, 眞鍋 and 俊信, 飯沼},
  year = {1990},
  volume = {38},
  pages = {1008--1015},
  journal = {日本農村医学会雑誌},
  keywords = {apple cultivating work,energy expenditure,heart rate,oxygen consumption,relative metabolic ratemethod,RMR法,エネルギー消費量,リンゴ作業,心拍数,酸素消費量},
  number = {5}
}

@article{weir_1949,
  title = {New Methods for Calculating Metabolic Rate with Special Reference to Protein Metabolism},
  author = {Weir, J. B. de V.},
  year = {1949},
  month = aug,
  volume = {109},
  pages = {1--9},
  issn = {0022-3751},
  url = {https://www.ncbi.nlm.nih.gov/pmc/articles/PMC1392602/},
  urldate = {2020-11-30},
  journal = {The Journal of Physiology},
  number = {1-2},
  pmcid = {PMC1392602},
  pmid = {15394301}
}

@misc{whats_mixing_chamber,
  title = {【用語解説】},
  author = {国立研究開発法人 科学技術振興機構},
  url = {https://www.jst.go.jp/pr/info/info39/yougo.html},
  urldate = {2021-01-25}
}

@misc{whats_ndir,
  title = {{NDIR方式とは | 押野電気製作所}},
  author = {押野電気製作所},
  url = {https://www.oshinolamps.co.jp/ndir/nondispersive-infrared/},
  urldate = {2021-01-13},
  journal = {押野電気製作所},
  language = {ja-JP}
}

@misc{zhushihuishepibandotutokomu_,
  title = {お客様の声　東京工業高等専門学校　 様 | {{プリント基板ネット通販P板}}.Com},
  author = {株式会社ピーバンドットコム},
  url = {https://www.p-ban.com/voice/tokyo-ct.html},
  urldate = {2021-01-26}
}


